2414 3961
926 149 960 188 E
997 147 1031 186 i>
1071 145 1091 186 1
1125 145 1156 186 s
1193 144 1229 186 T
1266 147 1298 187 o
1337 145 1370 186 L
1407 146 1443 186 A

180 230 246 301 in
265 224 475 331 Regia
499 225 650 300 Tua
667 225 1019 321 Maiestate
1036 247 1372 328 coguntur
1386 251 1600 299 amare
1617 218 2031 305 Orthodoxi,
2049 250 2192 295 non

181 331 448 444 possunt
465 330 662 410 odiffe
682 335 895 410 hostes
910 341 949 413 ,9
977 332 1318 438 Equidem
1335 333 1580 438 volupe
1595 333 1759 406 mihi
1780 328 1933 406 esset
1949 330 2118 406 sacra
2131 361 2191 406 e-

180 475 526 522 numerare
543 446 965 520 anathemata
982 501 996 528 ‚
1027 473 1171 549 quae
1190 443 1348 518 Tuis
1363 442 1664 517 confecsta
1686 440 1993 516 manibus
2008 497 2025 528 ,
2056 471 2190 548 pas-

178 558 296 631 ·'sim
315 556 399 630 ad
425 562 720 663 Deiparae
746 555 1029 658 Virginis
1045 614 1062 638 ‚
1093 566 1160 627 ὅς
1184 553 1513 629 Divorum
1547 551 1889 627 Coelitum
1904 582 2033 626 aras
2048 582 2187 626 non

179 672 442 742 minore
470 693 740 749 ornatu,
780 669 978 769 quam
1001 663 1270 769 religiosi
1297 666 1499 738 animi
1519 661 1750 737 ardore
1786 660 2187 769 suspendisti.

183 781 288 853 At
305 779 345 851 si
363 777 594 852 vellem
615 775 996 884 percensere
1012 772 1260 879 singula
1275 833 1292 858 ,
1325 785 1391 847 &
1413 770 1480 848 Τ
1482 803 1565 848 ua
1579 772 1743 848 mihi
1761 771 2192 848 obnuntiaret

183 892 544 992 congenita
571 885 894 962 modestia
911 944 935 976 ,
964 897 1030 958 &
1057 885 1340 960 calamus
1361 882 1477 958 sub
1497 886 1688 958 tanto
1712 881 2009 991 pondere
2025 881 2190 958 fatis-

181 1023 378 1072 ceret.
435 998 662 1072 Unam
695 997 862 1073 illam
886 1021 1023 1071 tam
1054 1021 1189 1070 arte
1214 1054 1231 1079 ‚
1280 997 1482 1099 quam
1510 999 1724 1101 pretio
1754 994 2076 1101 insignem
2092 1017 2196 1071 to-

180 1137 338 1213 gam
355 1136 823 1186 commemoro
838 1168 855 1191 ,
880 1136 1083 1212 quam
1106 1106 1327 1211 Regiae
1342 1106 1576 1182 maniis
1591 1104 1752 1180 Tuae
1767 1136 1891 1180 acu
1908 1104 2196 1180 elabora-

180 1242 323 1294 tam
340 1277 366 1308 2
391 1218 474 1293 ad
508 1218 853 1324 Imperialis
880 1218 1172 1323 Collegii
1192 1216 1395 1293 nostri
1422 1216 1761 1292 Basilicam
1790 1215 2061 1324 ipsamet
2084 1215 2195 1291 de-

182 1329 384 1406 tulisti
400 1389 416 1414 ‚
467 1331 674 1434 eaque
690 1328 1263 1433 Thaumaturgam
1281 1327 1576 1405 nostram
1592 1327 1877 1433 Virginis
1899 1328 2196 1435 Deiparae

181 1436 480 1515 Statuam
497 1441 812 1515 exornasti
834 1437 1325 1525 3munificentia
1343 1469 1483 1513 non
1500 1443 1715 1515 minus
1732 1440 1941 1545 Regia
1956 1499 1973 1524 ,
1991 1441 2194 1544 quam

181 1576 426 1627 aeterno
446 1551 892 1656 antiquissima:
923 1549 1223 1625 Ecclesia:
1254 1550 1485 1627 nostrae
1509 1574 1925 1625 ornamento.
1974 1550 2194 1625 Hunc

181 1686 409 1737 tamen
446 1665 728 1769 pretioiae
759 1662 939 1738 vestis
955 1659 1267 1737 decorem
1296 1661 1516 1737 multis
1539 1660 1878 1738 intervallis
1913 1660 2196 1737 antecel-

181 1772 301 1847 luit
318 1774 571 1877 insignis
590 1772 687 1847 illa
704 1777 905 1879 pietas
923 1834 940 1857 ‚
965 1774 1097 1877 qua
1116 1796 1271 1848 ante
1290 1772 1610 1849 Numinis
1630 1772 2062 1849 Eucharistici
2077 1830 2103 1863 ,
2129 1784 2197 1846 ὅζ

180 1883 321 1967 Dei
329 1914 488 1990 parae
507 1885 734 1959 nostrae
750 1888 1148 1974 Aram‚cum
1171 1885 1582 1960 Serenissimo
1595 1883 1916 1990 Coniuge
1934 1945 1950 1968 ,
1978 1882 2196 1992 saepius

179 1997 444 2099 integris
474 1994 778 2070 fleere'oas
809 1996 976 2069 horis
995 2056 1009 2079 ,
1039 2022 1227 2070 tanto
1257 1996 1491 2103 populi
1520 1995 1720 2102 longe
1747 1995 2013 2101 lateque
2041 2025 2198 2072 con-

181 2106 443 2183 fluentis
473 2105 778 2212 exempio
797 2166 812 2188 ,
861 2111 989 2179 ure
1015 2105 1304 2214 supplice
1333 2137 1582 2196 manu,
1635 2137 1712 2182 ac
1729 2107 1977 2213 reliqua
1993 2111 2195 2182 totius

181 2222 468 2322 corporis
499 2216 630 2289 Tui
651 2217 1167 2322 compositione,
1196 2218 1397 2292 veluti
1419 2221 1454 2292 e
1487 2216 1670 2292 nube
1688 2276 1712 2308 9
1745 2222 2196 2326 promicarent:

181 2329 427 2433 copiosi
445 2325 769 2402 sacrorum
785 2323 1143 2407 affecstuum
1160 2327 1348 2413 radii,
1372 2333 1573 2434 qui&
1587 2328 1809 2435 Regiae
1829 2330 2195 2426 Maiestatis

180 2433 342 2511 Tuae
362 2442 695 2513 internum
728 2439 1027 2514 ardorem
1049 2437 1487 2546 prodiderunt
1509 2501 1526 2525 ‚
1558 2453 1624 2514 &
1654 2439 2068 2548 praesentium
2085 2471 2195 2549 pe-

180 2552 364 2624 &tora
381 2553 444 2623 in
463 2548 726 2624 eosdem
744 2578 1015 2656 rapuere
1032 2550 1363 2656 singultus.
1416 2552 1710 2627 Tametsi
1739 2557 1991 2660 quippe
2009 2558 2195 2659 igno-

180 2682 330 2734 tum
352 2661 722 2743 neminisit‚
755 2659 979 2765 quod,
1021 2664 1126 2765 (a)
1156 2663 1764 2768 ubicunqnefioerit
1795 2664 1896 2738 SS.
1928 2664 2195 2739 Eucha-

181 2770 391 2855 ristiae,
411 2794 523 2845 aut
543 2771 771 2844 Mariae
803 2771 1087 2876 Virginis
1118 2772 1413 2877 Corpus,
1444 2774 1589 2851 illic
1617 2776 2202 2880 congregabuntur
2237 2820 2242 2823 ·

182 2888 269 2966 &³
288 2880 767 2986 Augustisfimae
787 2881 1052 2956 Domus
1078 2882 1430 2958 Austriacae
1450 2883 1741 2989 Aqm'lae
1755 2920 1786 2971 ,-
1805 2883 2090 2990 dignum
2106 2909 2196 2961 ta-

180 3016 338 3064 men
354 3018 487 3067 erat
504 2990 957 3087 admiratione,
976 2994 1498 3098 potentissimam
1531 2992 1813 3068 Poloniae
1834 2996 2194 3101 Reginam,
2211 3067 2215 3069 o

181 3095 715 3175 Archidueissam
755 3102 1023 3177 Austriae
1047 3163 1063 3187 ‚
1106 3114 1174 3175 δί
1212 3100 1551 3178 Duciffam
1582 3104 2019 3211 Lotharingiae
2037 3162 2053 3190 ‚
2103 3111 2196 3180 in-

181 3214 350 3283 tueri
365 3235 553 3286 tanto
568 3212 957 3317 prostratam
975 3211 1226 3297 ardore,
1257 3225 1322 3286 &
1348 3217 1543 3289 unice
1561 3219 1627 3289 in
1645 3215 1806 3289 Deo
1820 3244 1896 3290 ac
1917 3217 2195 3322 Virgine

179 3316 408 3395 Matre
438 3320 741 3398 defixam.
797 3321 1155 3398 Praeluserat
1186 3327 1499 3400 nimirum
1535 3325 1944 3401 Serenissimae
1979 3326 2192 3424 Maie-

179 3426 329 3505 stati
346 3430 507 3505 Tuae
524 3491 539 3514 ‚
563 3462 639 3507 ae
653 3431 856 3507 veluti
874 3433 1279 3537 prognostici
1311 3433 1464 3510 loco
1481 3459 1616 3510 erat
1647 3435 2195 3513 SerenissimaRe-

180 3563 359 3629 nata³
378 3541 819 3648 Lotharingiae
841 3539 1132 3629 Ducissa‚
1162 3543 1439 3649 quando
1455 3543 1739 3650 symboli
1760 3544 1849 3622 sui
1866 3545 2018 3622 loco
2034 3545 2194 3623 duas

2109 3658 2191 3711 52¹:

189 3713 231 3774 (ἰ)
259 3730 456 3767 Matt‚24,0·.
