2414 3961
831 159 1593 208 DEchAroaza.

201 243 321 325 sub
337 244 579 322 Ducali
595 244 801 351 pileo,
818 244 1086 320 frondes
1103 243 1344 320 laureas
1368 245 1664 354 depinxit
1684 303 1698 332 ,
1723 278 1867 355 quae
1897 253 1962 326 in
1981 249 2223 327 sertum

202 348 551 440 co'euriteS,
569 355 746 430 hanc
761 350 1195 462 praeferebant
1220 355 1573 462 legendam
1590 361 1999 467 epigraphen
2018 420 2044 453 9
2077 366 2220 465 (a)

207 471 350 547 Cor
360 492 580 544 mmm
596 472 927 554 &amima
940 489 1098 544 mm.
1147 464 1570 544 Una-etenim
1601 468 1760 546 Tibi
1775 500 1934 547 cum
1952 471 2226 549 Serenis-

205 580 369 657 fimo
384 576 705 683 Coniuge
719 577 815 653 est
838 580 1054 653 anima
1068 635 1095 668 9
1125 589 1194 651 ὅ(
1225 606 1567 655 corunum
1591 582 1658 656 in
1688 582 1847 657 Deo
1865 640 1883 667 ,
1908 578 2026 658 sub
2043 583 2227 683 cujus

206 691 575 798 patrocinio
605 691 774 762 inter
808 685 1089 763 fortunae
1105 712 1244 764 tam
1259 687 1527 766 adversae
1543 745 1570 781 9
1602 694 1804 795 quam
1829 687 2228 771 blandientis

210 795 665 877 vicissitudines
680 795 931 904 semper
946 797 1216 904 persistis
1243 804 1537 877 immota.
1590 802 1795 878 Unde
1812 801 1889 878 fit
1904 858 1930 893 ,
1950 804 2144 909 quod
2161 810 2228 880 in

210 935 361 988 vota
378 907 529 983 Tua
546 937 897 1013 nunquam
914 938 1054 984 non
1079 911 1490 1017 pronissimos
1509 906 1746 988 habeas
1766 914 2048 1022 Superos
2081 957 2096 1001 3
2131 919 2230 992 uti

211 1019 356 1098 sane
374 1017 624 1095 felicem
642 1049 718 1093 ac
735 1017 995 1095 facilem
1012 1021 1401 1097 Serenissimi
1417 1022 1727 1131 Principis
1743 1084 1760 1108 ‚
1777 1024 2108 1133 Leopoldi
2124 1026 2232 1128 Jo-

215 1132 444 1240 sephi‘,
495 1129 870 1205 dulcissimae
901 1128 1096 1205 Prolis
1133 1131 1325 1217 Tuae,
1371 1129 1636 1240 partum
1668 1142 2048 1244 cumprimis
2078 1138 2234 1246 post

216 1244 447 1321 Deum
465 1237 654 1315 refers
669 1244 734 1315 in
751 1236 1193 1348 prodigiosam
1219 1243 1518 1351 Deiparae
1533 1245 2077 1324 Wettenhusanae
2094 1251 2230 1324 Sta-

215 1378 398 1429 tuam
416 1412 435 1436 ‚
459 1381 603 1456 quae
625 1353 807 1427 sicuti
824 1357 1103 1458 primam
1131 1352 1318 1430 dedit
1334 1355 1551 1431 lucem
1568 1414 1586 1440 ,
1615 1361 1703 1432 ita
1723 1366 1788 1430 δί·
1805 1386 2012 1433 annos
2029 1355 2233 1435 credi-

216 1489 324 1539 tur
353 1459 846 1570 suppeditatura
862 1523 879 1547 ,
918 1461 1252 1568 quibusin
1270 1470 1553 1572 optimas
1583 1479 1649 1540 &
1676 1466 2000 1574 supremas
2020 1467 2157 1574 spes
2173 1496 2235 1544 a-

218 1570 502 1651 dolescat
528 1596 746 1648 tantus
762 1578 826 1648 in
845 1574 1105 1649 tantillo
1121 1580 1489 1651 etiamnum
1517 1602 1794 1684 corpore
1814 1577 2139 1687 Princeps.

338 1681 502 1760 Hoc
526 1683 841 1792 sapientiae
859 1696 927 1758 &
942 1690 1195 1792 pietatis
1211 1689 1278 1761 in
1297 1685 1509 1793 Regia
1532 1686 1680 1762 Tua
1703 1688 2057 1787 Majestate
2072 1720 2232 1766 cona

220 1790 505 1873 nubium
523 1793 728 1871 efficit
743 1855 760 1880 ,
778 1820 854 1870 ut
869 1795 1173 1874 fucatum
1189 1795 1467 1905 proferas
1485 1797 1644 1873 nihil
1662 1853 1689 1889 9
1716 1798 1923 1875 nihila
1947 1796 2236 1908 pruden-

223 1913 319 1983 tiae
335 1906 584 2014 legibus
600 1903 908 1982 alienum.
964 1905 1172 1984 Unde
1189 1908 1443 1986 summa
1460 1908 1861 2017 reposuimus
1877 1914 2236 1989 aestimatio-

225 2048 336 2115 ne,
377 2015 570 2125 quod
596 2014 928 2096 Basilicam
961 2016 1254 2097 nostram
1284 2046 1505 2096 recens
1533 2027 1924 2107 extructam,
1949 2022 2238 2129 aliosque

165 2222 168 2223 7
224 2125 763 2207 Reverendisfimi
781 2139 848 2202 δε
866 2127 1235 2208 Perillustris
1253 2129 1537 2207 Domini
1556 2130 1794 2208 Praelati
1809 2134 1940 2209 mei
1958 2157 2239 2209 conatus

229 2244 575 2349 tantopere
592 2234 877 2349 probare
889 2299 909 2324 ,
933 2267 1228 2348 eumque
1245 2271 1383 2318 non
1400 2242 1669 2319 tantum
1687 2241 1954 2319 secundi
1977 2241 2239 2321 Funda-

231 2357 380 2428 toris
395 2351 592 2427 titulo
609 2349 940 2458 insignire,
975 2350 1087 2429 sed
1103 2353 1229 2429 aliis
1252 2356 1452 2430 etiam
1469 2349 1771 2430 laudibus
1787 2409 1813 2446 5
1847 2369 1912 2430 δε
1929 2355 2239 2465 plurimo-

233 2492 376 2540 rum
404 2491 735 2538 annorum
765 2466 1232 2570 apprecatione
1259 2463 1707 2542 condecorare
1733 2468 1802 2541 sis
1828 2465 2239 2543 clementissia

233 2577 341 2651 me
357 2572 639 2680 dignata.
655 2573 824 2649 Haec
840 2574 985 2650 sane
1001 2580 1196 2651 unica
1210 2576 1491 2684 piissimae
1506 2606 1583 2652 ac
1603 2576 2064 2685 sapientissimae
2089 2581 2242 2653 Ma-

236 2684 644 2786 jestatisTuae
671 2684 940 2762 censura
961 2714 1237 2764 omnem
1254 2683 1591 2764 oblitterat
1614 2688 2006 2764 aemulorum
2034 2687 2240 2797 fuligi-

138 2823 142 2825 ’
237 2812 585 2902 nem‚quae
601 2857 618 2882 ,
642 2794 841 2873 veluti
857 2796 1096 2874 umbra
1109 2795 1327 2876 Solem
1343 2857 1361 2886 ,
1394 2798 1569 2875 nulla
1585 2828 1724 2876 non
1742 2798 2101 2908 insequitur
2124 2801 2243 2879 Via

237 2935 457 2983 rorum
474 2905 1041 2986 lllustrissimorum
1056 2935 1272 3017 opera.

355 3016 504 3093 Hos
518 3021 673 3095 vero
688 3023 835 3126 erga
847 3019 1368 3127 antiquissimum
1395 3018 1788 3130 Collegium
1810 3020 2109 3100 nostrum
2125 3078 2140 3109 ,
2174 3034 2243 3100 δί

239 3125 442 3204 hodie
470 3134 848 3237 cumprimis
876 3131 1024 3239 erga
1050 3127 1691 3210 Reverendissimum
1720 3145 1787 3208 ὃ(
1811 3130 2243 3212 Perillustrem

241 3240 332 3315 D.
380 3239 717 3316 Praelatum
743 3269 973 3318 meum
1002 3239 1526 3320 clementissimos
1554 3238 1820 3320 affectus
1847 3243 2061 3350 Regia
2090 3247 2244 3321 Tua

241 3348 550 3448 Maiestas
565 3348 652 3426 ab
670 3351 1152 3460 Augustissimis
1171 3354 1684 3461 Imperatoribus
1699 3354 2048 3432 Austriacis
2064 3386 2245 3432 accc-

246 3463 343 3567 pit
358 3458 787 3538 haereditarios
802 3519 829 3554 9
860 3465 978 3569 qui
1006 3462 1188 3539 sicuti
1214 3467 1562 3570 nunquam
1590 3496 1729 3541 non
1762 3468 1828 3540 in
1859 3467 2245 3542 exornando

250 3569 572 3677 imperiali
587 3571 903 3680 Collegio
932 3574 1158 3653 nostro
1187 3571 1567 3653 laborarunt
1585 3635 1602 3661 ,
1638 3580 1723 3652 ita
1742 3576 2250 3683 Augustissimus

2099 3692 2153 3740 &C
2178 3690 2252 3757 Iri-7

258 3753 291 3790 ³)
300 3752 371 3787 Αὲἶ·
381 3767 463 3800 431.
