2414 3961
1060 85 1075 104 ἢ

994 153 1137 203 QAD
1178 149 1640 202 LECTOREM

391 250 461 301 vel
472 246 532 297 ob
544 264 642 296 eam
654 246 821 295 causam
832 242 1045 294 excusabis
1058 282 1070 302 ,
1083 242 1204 310 quod
1215 244 1238 291 a
1248 243 1541 310 Typographo
1555 241 1865 292 remotissimus
1879 280 1891 301 ‚
1901 261 1979 290 nec
1991 243 2252 290 corree'tioni
2262 243 2331 288 in-

397 320 542 369 teress'e
556 355 569 376 ,
600 337 678 366 nec
687 314 767 365 nisi
791 318 1013 383 postlonga
1024 332 1277 379 temporum
1290 311 1510 362 intervalla
1530 319 1743 378 potuerim
1758 319 1927 381 paginas
1938 316 1996 360 im
2004 310 2156 380 preffas
2168 313 2227 357 ob
2240 315 2328 359 via-

400 410 498 439 rum
509 390 752 438 distantiam
773 391 974 452 accipere.
1007 386 1142 441 Quod
1156 384 1184 432 fi
1198 384 1219 431 ἐ
1232 383 1473 452 [ιιρεΙΙεᾶὓί
1485 384 1558 430 tufi.
1578 384 1820 451 Symbolica
1831 384 2014 450 digneris
2029 399 2209 430 mecum
2224 385 2330 427 Ern-

401 460 591 510 blemata
602 461 742 526 aliqua
754 453 1276 510 communica1·e,0fficium
1289 455 1498 522 praestabis
1513 452 1596 501 tibi
1614 455 1799 522 quidem
1810 451 2246 510 honorificum‚mihi
2259 468 2331 498 ve-

403 533 450 580 ro
464 550 542 599 pro
566 527 740 579 secunda
760 530 948 576 editione
960 523 1260 593 gratissimum,
1275 533 1317 572 &
1331 524 1449 572 Orbi
1462 521 1668 571 litterario
1681 522 1965 575 utilissimum
1977 527 2076 587 quia
2086 559 2098 580 ,
2139 521 2162 568 ὲ
2176 526 2214 569 S.
2231 522 2331 568 Cle-

206 603 385 638 s.clem.A-
404 604 561 651 mentis
575 599 853 649 Alexandrini
863 597 1027 662 judicio
1059 634 1071 653 ‚
1121 595 1400 661 'Utiliffimarest
1408 592 1626 657 Symbolicae
1636 593 2104 660 interpretationisfbrma
2116 592 2174 640 ad
2179 610 2238 638 res
2244 607 2332 658 per-

198 651 361 745 220st
402 671 560 720 multas:
574 674 877 737 QusPpejuvat
889 671 937 718 eff
948 666 1005 713 ad
1013 669 1157 713 restam
1173 665 1417 730 Theologiam
1430 697 1443 721 ‚
1464 662 1514 714 εἴ
1534 663 1593 710 ad
1592 668 1795 730 pietatem,
1815 663 1867 718 εΞ
1875 665 1932 711 ad
1945 663 2334 728 demonstrativiga

403 745 505 790 vertis
519 745 736 797 Orationes,
750 739 808 786 ad
815 739 1043 786 brevitatis
1053 737 1220 802 denique
1241 737 1571 791 exercitationem,
1572 735 1841 802 specimenque
1848 735 2063 801 fhptentiae.
2103 732 2334 781 Caeterum

400 831 567 879 magno
589 827 669 859 tuo
684 809 946 875 compendio
958 826 1005 854 ac
1015 805 1257 855 commodo
1270 824 1340 853 nie
1352 801 1566 852 faciurum
1579 805 1827 862 existimavi,
1839 805 1870 852 si
1886 824 2070 873 corpora
2081 800 2334 872 Symbolica

399 882 558 948 fingula
570 897 856 949 proponerem
868 884 914 926 in
927 875 1045 925 Libri
1059 875 1198 924 fronte
1208 877 1277 924 sex
1290 878 1509 941 praecipuis
1524 876 1673 941 linguis
1684 874 1910 944 explicata3
1932 876 2147 930 videlicet,
2171 871 2336 930 Latina,

397 945 1311 1014 Germanica,Hispanica,ltalici‚Gallic3‚&
1325 944 1504 1012 Belgica.
1518 944 1634 992 Cum
1648 949 1766 994 enim
1781 946 1944 997 Mundi
1966 945 2092 1011 hujus
2106 941 2334 1014 Symboli-

397 1028 431 1072 ci
444 1026 638 1087 Corpora
648 1021 730 1069 sint
742 1016 1009 1069 diversillima
1019 1053 1032 1075 >
1045 1036 1123 1065 nec
1134 1018 1302 1064 illorum
1327 1015 1349 1061 ὲ
1365 1019 1520 1063 Latino
1530 1018 1574 1063 in
1588 1021 1812 1082 proprium
1825 1016 2192 1084 quodvisidioma
2205 1032 2339 1062 trans-

394 1096 498 1142 latio
508 1093 554 1141 sit
566 1092 684 1161 apud
699 1091 873 1140 diversas
884 1087 1106 1154 gentes,ad
1116 1106 1217 1152 quas
1230 1087 1450 1134 emanabit
1462 1086 1533 1133 hic
1547 1084 1687 1144 Liber,
1700 1088 1838 1135 statim
1849 1104 1955 1135 nota
1967 1103 2041 1135 aut
2050 1087 2195 1144 facilis,
2217 1086 2335 1133 idcir-

395 1166 449 1212 co
461 1164 593 1212 Index
604 1162 672 1211 ille
685 1161 750 1209 sex
761 1163 995 1228 linguarum
1006 1158 1138 1206 instar
1152 1160 1292 1205 Lexici
1308 1155 1515 1205 deserviet
1539 1191 1554 1211 ,
1585 1177 1634 1205 cx
1647 1177 1736 1225 quo
1754 1156 1918 1225 singula
1936 1161 2169 1223 corporain
2179 1175 2334 1226 quam-

395 1252 573 1302 cunque
584 1233 771 1300 linguam
786 1236 884 1279 citra
896 1234 1121 1295 negotium
1130 1244 1356 1278 vertantur.
1399 1225 1561 1294 Aliqua
1573 1244 1722 1276 tamen
1736 1232 1783 1276 in
1793 1228 1934 1277 Indice
1945 1227 2017 1276 illo
2029 1246 2201 1293 corpora
2212 1246 2333 1296 repe-

393 1311 578 1370 ries,quae
587 1309 632 1351 in
642 1321 778 1350 unam
789 1300 855 1350 vel
866 1300 1003 1368 plures
1018 1301 1179 1367 linguas
1199 1301 1308 1347 verti
1318 1315 1414 1345 non
1426 1297 1800 1364 potuerunt,quod
1811 1297 1963 1347 similia
1972 1317 2144 1368 corpora
2154 1301 2225 1346 uni
2236 1314 2335 1346 tan-

391 1376 488 1425 tum
501 1375 564 1423 vel
575 1374 850 1439 paucioribus
863 1372 1101 1438 regionibus
1114 1407 1126 1428 ,
1139 1388 1235 1417 non
1246 1367 1351 1418 verb
1365 1366 1577 1418 omnibus
1592 1367 1675 1418 sint
1688 1386 1797 1418 nota
1808 1378 1850 1418 δε
1862 1374 2108 1418 nominata.
2139 1369 2270 1417 Unde
2282 1375 2330 1418 in

389 1449 566 1512 propriae
576 1447 730 1512 lingua:
744 1443 917 1491 defeetu
937 1441 1107 1489 debebis
1121 1439 1324 1489 adhibere
1337 1439 1503 1487 idioma
1515 1443 1737 1488 Latinum.
1766 1438 1918 1488 Versus
1940 1438 2119 1496 italicos,
2147 1440 2333 1509 pruden-

393 1520 555 1564 tiorum
569 1513 766 1571 consilio,
777 1520 825 1562 in
837 1514 1016 1560 latinum
1031 1528 1191 1560 vertere
1202 1510 1464 1580 supersedere
1474 1509 1622 1568 debui,
1637 1528 1733 1559 tum
1752 1512 1875 1576 quod
1887 1527 2002 1559 extra
2013 1515 2204 1560 nativam
2215 1512 2334 1559 suam

392 1588 588 1653 linguam
603 1583 805 1642 translati,
816 1588 983 1649 penitus
997 1583 1159 1631 nullum
1169 1581 1358 1631 habeant
1370 1582 1569 1650 saporem
1581 1590 1623 1630 δε
1633 1586 1831 1650 gratiam,
1845 1599 1942 1630 tum
1954 1582 2077 1651 quod
2088 1585 2154 1631 vix
2166 1580 2331 1648 aliquid
2373 1640 2377 1641 ⁷

395 1656 589 1707 utilitatis
599 1662 646 1727 in
655 1656 795 1707 alieno
806 1655 1017 1705 idiomate
1030 1652 1239 1705 habeant.
1253 1657 1384 1723 Haec,
1399 1672 1501 1722 quae
1519 1670 1858 1720 praemonerem,
1869 1651 2014 1721 habui.
2096 1652 2216 1702 Vale.
